<?xml version="1.0" encoding="UTF-8"?><collection xmlns="http://www.loc.gov/MARC21/slim"><record><leader>00502nam--2200181-i-4500</leader><controlfield tag="001">000006738</controlfield><controlfield tag="002">20161230</controlfield><controlfield tag="005">20161230201026</controlfield><controlfield tag="008">060222s1000------------r-----000-0-eng-d</controlfield><datafield ind1=" " ind2=" " tag="040"><subfield code="a">IFIN-HH</subfield></datafield><datafield ind1=" " ind2=" " tag="080"><subfield code="a">802.0(038)</subfield></datafield><datafield ind1="1" ind2=" " tag="100"><subfield code="a">Dutch, Robert A</subfield></datafield><datafield ind1="1" ind2="0" tag="245"><subfield code="a">Roget's thesaurus of english words and phrases</subfield><subfield code="c">Robert a. dutch</subfield></datafield><datafield ind1=" " ind2=" " tag="250"><subfield code="a">New Edition Completely Revised And Modernized</subfield></datafield><datafield ind1=" " ind2=" " tag="260"><subfield code="a">London</subfield><subfield code="b">Longmans</subfield><subfield code="c">1963</subfield></datafield><datafield ind1=" " ind2=" " tag="300"><subfield code="a">LII+1309P</subfield></datafield><datafield ind1=" " ind2=" " tag="852"><subfield code="a">41884</subfield><subfield code="c">4</subfield></datafield><datafield ind1=" " ind2=" " tag="CAT"><subfield code="a">Sys</subfield><subfield code="c">20130206</subfield><subfield code="h">103511</subfield></datafield></record></collection>